@book{goodfellow2016deep,
	title={Deep learning},
	author={Goodfellow, Ian and Bengio, Yoshua and Courville, Aaron and Bengio, Yoshua},
	volume={1},
	year={2016},
	publisher={MIT press Cambridge}
}

@Book{bishop:2006:PRML,
	author = 	 "Christopher M. Bishop",
	title = 	 "Pattern Recognition and Machine Learning",
	publisher = 	 "Springer",
	year = 	 "2006",
}

@electronic{karpathycnn,
	author = {Karpathy, Andrej},
	title = {Convolutional Neural Networks (CNNs / ConvNets)},
	url = {http://cs231n.github.io/convolutional-networks/},
	note = {[Accessed: 22- Mar- 2018]}
}

@electronic{wiki:cnn,
	author = "Wikipedia contributors",
	title = "Convolutional neural network --- Wikipedia{,} The Free Encyclopedia",
	year = "2018",
	url = "https://en.wikipedia.org/w/index.php?title=Convolutional_neural_network&oldid=830433988",
	note = "[Accessed 22-March-2018]"
}

@elctronic{Budhiraja2016,
	title = {Dropout in (Deep) Machine learning},
	author = {Budhiraja, Amar},
	year = {2016},
	url= {https://medium.com/@amarbudhiraja/https-medium-com-amarbudhiraja-learning-less-to-learn-better-dropout-in-deep-machine-learning-74334da4bfc5},
	note = {[Accessed 22-March-2018]}
}

@article{dhingra2017model,
	title={Model Complexity-Accuracy Trade-off for a Convolutional Neural Network},
	author={Dhingra, Atul},
	journal={arXiv preprint arXiv:1705.03338},
	year={2017}
}

@article{srivastava2014dropout,
	title={Dropout: A simple way to prevent neural networks from overfitting},
	author={Srivastava, Nitish and Hinton, Geoffrey and Krizhevsky, Alex and Sutskever, Ilya and Salakhutdinov, Ruslan},
	journal={The Journal of Machine Learning Research},
	volume={15},
	number={1},
	pages={1929--1958},
	year={2014},
	publisher={JMLR. org}
}

@electronic{lattner2016,
	author = {Stefan Lattner},
	url ={https://www.researchgate.net/post/Could_you_give_me_some_advices_about_how_to_improve_the_performance_of_Convolutional_Neural_Networks},
	note = {[Accessed: 22- Mar- 2018]}
}
@electronic{walia2017opt,
	title = {Types of Optimization Algorithms used in Neural Networks and Ways to Optimize Gradient Descent},
	author = {Anish Singh Walia},
	year = {2017},
	url= {https://towardsdatascience.com/types-of-optimization-algorithms-used-in-neural-networks-and-ways-to-optimize-gradient-95ae5d39529f.},
	note = {[Accessed: 22- Mar- 2018]}
}
@electronic{MNISTcreators, 
          author = {Yann LeCun and Corinna Cortes and Christopher J.C. Burges},
title = {MNIST handwritten digit database, Yann LeCun, Corinna Cortes and Chris Burges},
url = {http://yann.lecun.com/exdb/mnist/},
note = {[Accessed 16-March-2018]}
}

@electronic{ wiki:MNIST,
	author = "Wikipedia contributors",
	title = "MNIST database --- Wikipedia{,} The Free Encyclopedia",
	year = "2018",
	url = "https://en.wikipedia.org/w/index.php?title=MNIST_database&oldid=829836442",
	note = "[Accessed 16-March-2018]"
}

@Book{Sonka93a,
	Title                    = {Image Processing, Analysis and Machine Vision},
	Author                   = {M. Sonka and V. Hlavac and R. Boyle},
	Keywords                 = {DIGITAL IMAGE PROCESSING},
	Publisher                = {Chapman \& Hall},
	Year                     = {1993},
}

@book{pitas2000digital,
  title={Digital image processing algorithms and applications},
  author={Pitas, Ioannis},
  year={2000},
  publisher={John Wiley \& Sons}
}

@book{bovik2009essential,
  title={The essential guide to image processing},
  author={Bovik, Alan C},
  year={2009},
  publisher={Academic Press}
}